<record><leader>00000cas a2200000 a 4500</leader><controlfield tag="001">4988776</controlfield><controlfield tag="008">790522c19799999ncuwr ne      0   a0eng d</controlfield><datafield ind1=" " ind2=" " tag="010"><subfield code="a">sn 79007419 </subfield></datafield><datafield ind1=" " ind2=" " tag="040"><subfield code="a">NRC</subfield><subfield code="b">eng</subfield><subfield code="c">NRC</subfield><subfield code="d">NSD</subfield><subfield code="d">NRC</subfield><subfield code="d">NSD</subfield><subfield code="d">DLC</subfield><subfield code="d">NST</subfield><subfield code="d">NSD</subfield><subfield code="d">NVJ</subfield><subfield code="d">OCLCQ</subfield><subfield code="d">OCLCF</subfield><subfield code="d">OCLCO</subfield></datafield><datafield ind1=" " ind2=" " tag="012"><subfield code="e">n</subfield><subfield code="i">8506</subfield><subfield code="j">0</subfield><subfield code="k">1</subfield><subfield code="m">1</subfield></datafield><datafield ind1="0" ind2=" " tag="022"><subfield code="a">0195-0622</subfield><subfield code="l">0195-0622</subfield><subfield code="2">1</subfield></datafield><datafield ind1="1" ind2=" " tag="029"><subfield code="a">AU@</subfield><subfield code="b">000025818742</subfield></datafield><datafield ind1=" " ind2=" " tag="032"><subfield code="a">715960</subfield><subfield code="b">USPS</subfield></datafield><datafield ind1=" " ind2=" " tag="037"><subfield code="b">Leader, P.O. Box 12054, Research Triangle Park, NC 27709</subfield></datafield><datafield ind1=" " ind2=" " tag="042"><subfield code="a">msc</subfield><subfield code="a">nsdp</subfield></datafield><datafield ind1=" " ind2="4" tag="050"><subfield code="a">F251</subfield><subfield code="b">.N896</subfield></datafield><datafield ind1="1" ind2="0" tag="082"><subfield code="a">975</subfield><subfield code="2">11</subfield></datafield><datafield ind1="0" ind2=" " tag="130"><subfield code="a">Leader (Research Triangle Park, N.C.)</subfield></datafield><datafield ind1="0" ind2=" " tag="210"><subfield code="a">Leader</subfield><subfield code="b">(Res. Triangle Park, N.C.)</subfield></datafield><datafield ind1=" " ind2="4" tag="222"><subfield code="a">The Leader</subfield><subfield code="b">(Research Triangle Park, N.C.)</subfield></datafield><datafield ind1="0" ind2="4" tag="245"><subfield code="a">The leader.</subfield></datafield><datafield ind1="1" ind2="7" tag="246"><subfield code="a">North Carolina leader</subfield></datafield><datafield ind1=" " ind2=" " tag="260"><subfield code="a">Research Triangle Park, N.C. :</subfield><subfield code="b">Capitol Publications</subfield></datafield><datafield ind1=" " ind2=" " tag="300"><subfield code="a">v. :</subfield><subfield code="b">ill. ;</subfield><subfield code="c">40 cm.</subfield></datafield><datafield ind1=" " ind2=" " tag="310"><subfield code="a">Weekly,</subfield><subfield code="b">&lt;Aug. 11-Aug. 18, 1983-&gt;</subfield></datafield><datafield ind1=" " ind2=" " tag="321"><subfield code="a">Weekly, (except first Thursday in July and last Thursday in Dec.),</subfield><subfield code="b">&lt;1979-&gt;</subfield></datafield><datafield ind1="0" ind2=" " tag="362"><subfield code="a">Year 13, no. 30 (Apr. 12, 1979)-</subfield></datafield><datafield ind1=" " ind2=" " tag="500"><subfield code="a">"Research Triangle newsweekly."</subfield></datafield><datafield ind1=" " ind2=" " tag="500"><subfield code="a">Issues for &lt;Sept. 1-Sept. 7, 1988-&gt; published: Chapel Hill, NC : Village Pub. Corp.</subfield></datafield><datafield ind1=" " ind2=" " tag="500"><subfield code="a">Size varies.</subfield></datafield><datafield ind1=" " ind2="0" tag="651"><subfield code="a">Research Triangle Park (N.C.)</subfield><subfield code="v">Newspapers.</subfield></datafield><datafield ind1=" " ind2="7" tag="655"><subfield code="a">Newspapers.</subfield><subfield code="2">fast</subfield><subfield code="0">(OCoLC)fst01423814</subfield></datafield><datafield ind1=" " ind2="7" tag="651"><subfield code="a">North Carolina</subfield><subfield code="z">Research Triangle Park.</subfield><subfield code="2">fast</subfield><subfield code="0">(OCoLC)fst01293465</subfield></datafield><datafield ind1=" " ind2=" " tag="752"><subfield code="a">United States</subfield><subfield code="b">North Carolina</subfield><subfield code="d">Research Triangle Park.</subfield></datafield><datafield ind1=" " ind2=" " tag="752"><subfield code="a">United States</subfield><subfield code="b">North Carolina</subfield><subfield code="c">Wake</subfield><subfield code="d">Raleigh.</subfield></datafield><datafield ind1=" " ind2=" " tag="752"><subfield code="a">United States</subfield><subfield code="b">North Carolina</subfield><subfield code="c">Orange</subfield><subfield code="d">Chapel Hill.</subfield></datafield><datafield ind1="0" ind2="0" tag="780"><subfield code="t">North Carolina leader</subfield><subfield code="w">(DLC)sn 93065728</subfield></datafield><datafield ind1=" " ind2=" " tag="850"><subfield code="a">NcD</subfield><subfield code="a">NcRS</subfield></datafield><datafield ind1=" " ind2=" " tag="936"><subfield code="a">Year 22, no. 48 (Sept. 1-Sept. 7, 1988) LIC</subfield></datafield></record>